<record><leader>00000cas a22000001a 4500</leader><controlfield tag="001">14122268</controlfield><controlfield tag="008">860821d19301931vaumr ne      0    0eng  </controlfield><datafield ind1=" " ind2=" " tag="010"><subfield code="a">   35012861 </subfield></datafield><datafield ind1=" " ind2=" " tag="040"><subfield code="a">DLC</subfield><subfield code="b">eng</subfield><subfield code="c">VIC</subfield><subfield code="d">VIC</subfield><subfield code="d">PPM</subfield><subfield code="d">KNP</subfield><subfield code="d">DLC</subfield><subfield code="d">MGN</subfield><subfield code="d">NVK</subfield><subfield code="d">DLC</subfield><subfield code="d">OCLCQ</subfield><subfield code="d">OCLCG</subfield><subfield code="d">OCLCA</subfield><subfield code="d">OCLCF</subfield><subfield code="d">OCLCO</subfield></datafield><datafield ind1="1" ind2=" " tag="029"><subfield code="a">AU@</subfield><subfield code="b">000025571460</subfield></datafield><datafield ind1=" " ind2=" " tag="042"><subfield code="a">msc</subfield><subfield code="a">premarc</subfield></datafield><datafield ind1="0" ind2="0" tag="050"><subfield code="a">E312.6</subfield><subfield code="b">.G36</subfield></datafield><datafield ind1="0" ind2="0" tag="082"><subfield code="a">973.4/1/092</subfield><subfield code="2">21</subfield></datafield><datafield ind1="0" ind2="0" tag="245"><subfield code="a">George Washington bicentennial news.</subfield></datafield><datafield ind1=" " ind2=" " tag="260"><subfield code="a">Alexandria, Va. :</subfield><subfield code="b">The Alexandria Gazette,</subfield><subfield code="c">1930-1931.</subfield></datafield><datafield ind1=" " ind2=" " tag="300"><subfield code="a">2 v. :</subfield><subfield code="b">ill., facsims. ;</subfield><subfield code="c">45 cm.</subfield></datafield><datafield ind1=" " ind2=" " tag="310"><subfield code="a">Monthly</subfield></datafield><datafield ind1="0" ind2=" " tag="362"><subfield code="a">Vol. 1 (Oct. 1930)-v. 2, no. 3 (Dec. 1931).</subfield></datafield><datafield ind1=" " ind2=" " tag="500"><subfield code="a">At head of title: 1732, 1932.</subfield></datafield><datafield ind1=" " ind2=" " tag="500"><subfield code="a">Title from caption.</subfield></datafield><datafield ind1=" " ind2=" " tag="500"><subfield code="a">No more published.</subfield></datafield><datafield ind1=" " ind2=" " tag="515"><subfield code="a">First issue called v. 1; second called v. 2.</subfield></datafield><datafield ind1=" " ind2=" " tag="550"><subfield code="a">"Published in co-operation with the United States Commission for the celebration of the two hundredth anniversary of the birth of George Washington."</subfield></datafield><datafield ind1="1" ind2="0" tag="600"><subfield code="a">Washington, George,</subfield><subfield code="d">1732-1799</subfield><subfield code="x">Anniversaries, etc.</subfield><subfield code="v">Newspapers.</subfield></datafield><datafield ind1=" " ind2="0" tag="651"><subfield code="a">Alexandria (Va.)</subfield><subfield code="v">Newspapers.</subfield></datafield><datafield ind1=" " ind2="7" tag="655"><subfield code="a">Newspapers.</subfield><subfield code="2">fast</subfield><subfield code="0">(OCoLC)fst01423814</subfield></datafield><datafield ind1="1" ind2="7" tag="600"><subfield code="a">Washington, George,</subfield><subfield code="d">1732-1799.</subfield><subfield code="2">fast</subfield><subfield code="0">(OCoLC)fst00178100</subfield></datafield><datafield ind1=" " ind2="7" tag="650"><subfield code="a">Anniversaries.</subfield><subfield code="2">fast</subfield><subfield code="0">(OCoLC)fst00809757</subfield></datafield><datafield ind1=" " ind2="7" tag="651"><subfield code="a">Virginia</subfield><subfield code="z">Alexandria.</subfield><subfield code="2">fast</subfield><subfield code="0">(OCoLC)fst01206236</subfield></datafield><datafield ind1="2" ind2=" " tag="710"><subfield code="a">United States George Washington Bicentennial Commission.</subfield></datafield><datafield ind1="0" ind2=" " tag="730"><subfield code="a">Alexandria gazette.</subfield></datafield><datafield ind1=" " ind2=" " tag="752"><subfield code="a">United States</subfield><subfield code="b">Virginia</subfield><subfield code="d">Alexandria.</subfield></datafield><datafield ind1=" " ind2=" " tag="850"><subfield code="a">DLC</subfield></datafield></record>